<collection xmlns="http://www.loc.gov/MARC21/slim"><record><leader>00848nam  2200277   450</leader><controlfield tag="001">995</controlfield><controlfield tag="003">http://montalegre.opacnet.com/OPAC/default.aspx?ContentAreaControl=ShowRegHoldings.ascx&amp;RegNo=16662</controlfield><datafield tag="010" ind1=" " ind2=" "><subfield code="a">972-23-1069-0</subfield></datafield><datafield tag="021" ind1=" " ind2=" "><subfield code="a">PT</subfield><subfield code="b">26117/89</subfield></datafield><datafield tag="095" ind1=" " ind2=" "><subfield code="a">PTBN00226078</subfield></datafield><datafield tag="100" ind1=" " ind2=" "><subfield code="a">19900220d1989    m  y0pory010305  ba</subfield></datafield><datafield tag="101" ind1="1" ind2=" "><subfield code="a">por</subfield><subfield code="c">fre</subfield></datafield><datafield tag="102" ind1=" " ind2=" "><subfield code="a">PT</subfield></datafield><datafield tag="105" ind1=" " ind2=" "><subfield code="a">y   z   001fy</subfield></datafield><datafield tag="106" ind1=" " ind2=" "><subfield code="a">r</subfield></datafield><datafield tag="200" ind1="1" ind2=" "><subfield code="a">&lt;A &gt;vida modo de usar</subfield><subfield code="e">romances</subfield><subfield code="f">Georges Perec</subfield><subfield code="g">trad. Pedro Tamen</subfield></datafield><datafield tag="205" ind1=" " ind2=" "><subfield code="a">1ª ed</subfield></datafield><datafield tag="210" ind1=" " ind2=" "><subfield code="a">Lisboa</subfield><subfield code="c">Presença</subfield><subfield code="d">1989</subfield></datafield><datafield tag="215" ind1=" " ind2=" "><subfield code="a">519 p.</subfield><subfield code="d">23 cm</subfield></datafield><datafield tag="225" ind1="2" ind2=" "><subfield code="a">Novos continentes</subfield><subfield code="v">37</subfield></datafield><datafield tag="304" ind1=" " ind2=" "><subfield code="a">Tít. orig.: La vie mode d'emploi</subfield></datafield><datafield tag="675" ind1=" " ind2=" "><subfield code="a">840-34"19"</subfield><subfield code="v">BN</subfield><subfield code="z">por</subfield></datafield><datafield tag="700" ind1=" " ind2="1"><subfield code="a">Perec</subfield><subfield code="b">Georges</subfield><subfield code="f">1936-</subfield></datafield><datafield tag="702" ind1=" " ind2="1"><subfield code="a">Tamen</subfield><subfield code="b">Pedro</subfield><subfield code="f">1934-</subfield></datafield><datafield tag="801" ind1=" " ind2="0"><subfield code="a">PT</subfield><subfield code="b">Biblioteca Municipal de Montalegre</subfield><subfield code="g">RPC</subfield></datafield><datafield tag="856" ind1=" " ind2=" "><subfield code="u">locateMedia.asp?cod=20060705145411&amp;ext=jpg</subfield><subfield code="z">CAPA</subfield></datafield><datafield tag="909" ind1="&#9;" ind2=" "><subfield code="a">1</subfield></datafield><datafield tag="966" ind1=" " ind2=" "><subfield code="a">0009351</subfield><subfield code="l">BMM</subfield><subfield code="s">SCG 821 PER vid 37</subfield></datafield></record></collection>